<?xml version="1.0" encoding="UTF-8"?><collection xmlns="http://www.loc.gov/MARC21/slim"><record><leader>00629nam--2200193-i-4500</leader><controlfield tag="001">000015191</controlfield><controlfield tag="002">20161230</controlfield><controlfield tag="005">20161230201031</controlfield><controlfield tag="008">060222s1000------------r-----000-0-eng-d</controlfield><datafield ind1=" " ind2=" " tag="020"><subfield code="a">044441438X</subfield></datafield><datafield ind1=" " ind2=" " tag="040"><subfield code="a">IFIN-HH</subfield></datafield><datafield ind1=" " ind2=" " tag="080"><subfield code="a">537.311.33</subfield></datafield><datafield ind1="1" ind2=" " tag="100"><subfield code="a">Kressel,Henry</subfield></datafield><datafield ind1="1" ind2="0" tag="245"><subfield code="a">Characterization of epitaxial semiconductor films</subfield><subfield code="b">Vol. 2 of methods and phenomena: their applications in science and technology</subfield><subfield code="c">Henry kressel (ed.)</subfield></datafield><datafield ind1=" " ind2=" " tag="260"><subfield code="a">Amsterdam</subfield><subfield code="b">Elsevier Scientific Pubishing Company</subfield><subfield code="c">1976</subfield></datafield><datafield ind1=" " ind2=" " tag="300"><subfield code="a">XII +216P</subfield></datafield><datafield ind1=" " ind2=" " tag="490"><subfield code="a">Methods And Phenomena 2</subfield></datafield><datafield ind1=" " ind2=" " tag="852"><subfield code="a">45420</subfield><subfield code="c">537:538</subfield></datafield><datafield ind1=" " ind2=" " tag="CAT"><subfield code="a">Sys</subfield><subfield code="c">20110622</subfield><subfield code="h">100746</subfield></datafield></record></collection>